<record><leader>00000cas a22000007a 4500</leader><controlfield tag="001">11386544</controlfield><controlfield tag="008">841114d19471950nyuwr ne      0    0eng d</controlfield><datafield ind1=" " ind2=" " tag="010"><subfield code="a">sn 84031907 </subfield></datafield><datafield ind1=" " ind2=" " tag="040"><subfield code="a">NYG</subfield><subfield code="b">eng</subfield><subfield code="c">NYG</subfield><subfield code="d">NPX</subfield><subfield code="d">NYS</subfield><subfield code="d">OCLCQ</subfield></datafield><datafield ind1=" " ind2=" " tag="042"><subfield code="a">msc</subfield></datafield><datafield ind1="0" ind2="0" tag="245"><subfield code="a">Sunday news-Republican.</subfield></datafield><datafield ind1=" " ind2=" " tag="260"><subfield code="a">Monticello, Sullivan County, N.Y. :</subfield><subfield code="b">Arthur C. Kyle,</subfield><subfield code="c">1947-1950.</subfield></datafield><datafield ind1=" " ind2=" " tag="300"><subfield code="a">v. :</subfield><subfield code="b">ill. ;</subfield><subfield code="c">56 cm.</subfield></datafield><datafield ind1=" " ind2=" " tag="310"><subfield code="a">Weekly</subfield></datafield><datafield ind1="0" ind2=" " tag="362"><subfield code="a">Vol. 103, no. 52 (Dec. 7, 1947)-v. 8, no. 364 (Feb. 5, 1950) = whole no. 2308-no. 5918.</subfield></datafield><datafield ind1=" " ind2="4" tag="651"><subfield code="a">Monticello (N.Y.)</subfield><subfield code="v">Newspapers.</subfield></datafield><datafield ind1=" " ind2=" " tag="752"><subfield code="a">United States</subfield><subfield code="b">New York</subfield><subfield code="c">Sullivan</subfield><subfield code="d">Monticello.</subfield></datafield><datafield ind1="0" ind2="4" tag="780"><subfield code="t">Sullivan County evening news</subfield><subfield code="w">(DLC)sn 90066310</subfield><subfield code="w">(OCoLC)22398431</subfield></datafield><datafield ind1="0" ind2="4" tag="780"><subfield code="t">Sullivan County Republican</subfield><subfield code="w">(DLC)sn 83031366</subfield></datafield><datafield ind1="1" ind2=" " tag="029"><subfield code="a">AU@</subfield><subfield code="b">000024688692</subfield></datafield></record>